
@STRING(PRL="Phys. Rev. Lett.")
@STRING(RMP="Rev. Mod. Phys.")
 
@mastersthesis{matejkaBach,
   AUTHOR="Matějka, Petr",
   TITLE="\textit{Vývoj procesorů}",
   school="Technická univerzita v~Liberci, Fakulta mechatroniky a mezioborových inženýrských studií",
   YEAR="Liberec, 2006",
   type={Bakalářská práce},
   note="Vedoucí práce D. Kmoch",
}
@mastersthesis{janostikBach,
   AUTHOR="Janoštík, Ladislav",
   TITLE="\textit{Analýza historického vývoje počítačů}",
   school="Univerzita Palackého v~Olomouci, Pedagogická fakulta",
   YEAR="Olomouc, 2011",
   type={Bakalářská práce},
   note="Vedoucí práce J. Dostál",
}

@Misc{prezentacePP,
    author = {Odprezentuj},
    title = "\textit{Správná prezentace v~PowerPointu}",
    note = {[viděno 18.4.2021]},
    howpublished = {[online]},
    url = {https://www.prezentacepowerpoint.cz/},
    key="1",
}
@Misc{tipyPrezENG,
    author = {SkillsYouNeed},
    title = "\textit{Top Tips For Effective Presentations}",
    note = {[viděno 18.4.2021]},
    howpublished = {[online]},
    url = {https://www.skillsyouneed.com/present/presentation-tips.html},
    key="2",
}
@Misc{mooreLaw,
    author = {Studijni--svet.cz},
    title = "\textit{Historie a vývoj výpočetní techniky\,--\,informatika}",
    year="[viděno 18.4.2021]",
    howpublished = {[online]},
    url = {https://studijni-svet.cz/historie-a-vyvoj-vypocetni-techniky-informatika/},
    key="3",
}
@InProceedings{21ENIAC,
    author = "Goldstein, H. H.",
    Title="\textit{The Electronic Numerical Integrator and Computer (ENIAC)}",
    booktitle = "IEEE Annals of the History of Computing",
    pages = "10--16",
    year=1996,
    key="4",
}
@Book{ENIAChis,
    author="McCartney, Scott",
    TITLE="\textit{ENIAC: The Triumphs and Tragedies of the World's First Computer}",
    year=1999,
    publisher="Walker \& Co",
    ISBN = {0802713483},
}
@Book{textPrez,
    author="Ledden, Emma",
    TITLE="\textit{Presentation Book: How to Create It, Shape It and Deliver It}",
    year=2013,
    publisher="Pearson Education Limited",
    ISBN = {1292171987},
}
@Article{articleChip,
    author="Mika, Josef",
    title="\textit{Velké změny u~Intelu}",
    journal="CHIP",
    year=2021,
    pages = "10",
}
@Article{article21,
    author="Tyrková, Veronika",
    title="\textit{ENIAC: Počítač, kterým to vše začalo}",
    journal="21. Století",
    year=2021,
    pages = "71",
}